@article{abramowitz2008polarization,
  title={Is polarization a myth?},
  author={Abramowitz, Alan I and Saunders, Kyle L},
  journal={The Journal of Politics},
  volume={70},
  number={2},
  pages={542--555},
  year={2008},
  publisher={Cambridge University Press New York, USA}
}

@article{acharya2015caste,
  title={Caste, corruption and political competition in India},
  author={Acharya, Avidit and Roemer, John E and Somanathan, Rohini},
  journal={Research in Economics},
  volume={69},
  number={3},
  pages={336--352},
  year={2015},
  publisher={Elsevier}
}

@article{anduiza2013turning,
  title={Turning a blind eye: Experimental evidence of partisan bias in attitudes toward corruption},
  author={Anduiza, Eva and Gallego, Aina and Mu{\~n}oz, Jordi},
  journal={Comparative Political Studies},
  volume={46},
  number={12},
  pages={1664--1692},
  year={2013},
  publisher={SAGE Publications Sage CA: Los Angeles, CA}
}

@techreport{arias2018priors,
  title={Priors Rule: When do Malfeasance Revelations Help or Hurt Incumbent Parties?},
  author={Arias, Eric and Larreguy, Horacio and Marshall, John and Querubin, Pablo},
  year={2018},
  institution={National Bureau of Economic Research}
}

@article{arias2019information,
  title={Information Provision, Voter Coordination, and Electoral Accountability: Evidence from Mexican Social Networks},
  author={Arias, Eric and Larreguy, Horacio and Marshall, John and Querubin, Pablo},
  journal={American Political Science Review},
  year={2019},
  publisher={Cambridge University Press}
}

@article{aronow2016does,
  title={Does regression produce representative estimates of causal effects?},
  author={Aronow, Peter M and Samii, Cyrus},
  journal={American Journal of Political Science},
  volume={60},
  number={1},
  pages={250--267},
  year={2016},
  publisher={Wiley Online Library}
}

@article{arvate2017condemning,
  title={Condemning corruption while condoning inefficiency: an experimental investigation into voting behavior},
  author={Arvate, Paulo and Mittlaender, Sergio},
  journal={Public Choice},
  volume={172},
  number={3-4},
  pages={399--419},
  year={2017},
  publisher={Springer}
}

@incollection{angrist1999empirical,
  title={Empirical strategies in labor economics},
  author={Angrist, Joshua D and Krueger, Alan B},
  booktitle={Handbook of labor economics},
  volume={3},
  pages={1277--1366},
  year={1999},
  publisher={Elsevier}
}

@article{auerbach2018clients,
  title={How Clients Select Brokers: Competition and Choice in India's Slums},
  author={Auerbach, Adam Michael and Thachil, Tariq},
  journal={American Political Science Review},
  volume={112},
  number={4},
  pages={775--791},
  year={2018},
  publisher={Cambridge University Press}
}

@phdthesis{avenburg2016corruption,
  title={Corruption and electoral accountability in Brazil},
  author={Avenburg, Alejandro},
  year={2016}
}

@article{azfar2007transparency,
  title={Transparency, wages, and the separation of powers: An experimental analysis of corruption},
  author={Azfar, Omar and Nelson, William Robert},
  journal={Public Choice},
  volume={130},
  number={3-4},
  pages={471--493},
  year={2007},
  publisher={Springer}
}

@article{banerjee2014poor,
  title={Are poor voters indifferent to whether elected leaders are criminal or corrupt? A vignette experiment in rural India},
  author={Banerjee, Abhijit and Green, Donald P and McManus, Jeffery and Pande, Rohini},
  journal={Political Communication},
  volume={31},
  number={3},
  pages={391--407},
  year={2014},
  publisher={Taylor \& Francis}
}

@article{barber2015causes,
  title={Causes and consequences of polarization},
  author={Barber, Michael and McCarty, Nolan},
  journal={Political Negotiation: A Handbook},
  volume={37},
  pages={39--43},
  year={2015},
  publisher={Brookings Institution Press Washington, DC}
}

@inproceedings{banerjee2010can,
  title={Can voters be primed to choose better legislators? Experimental evidence from rural India},
  author={Banerjee, Abhijit and Green, Donald and Green, Jennifer and Pande, Rohini},
  booktitle={Presented and the Political Economics Seminar, Stanford University},
  year={2010},
  organization={Citeseer}
}

@article{banerjee2011informed,
  title={Do informed voters make better choices? Experimental evidence from urban India},
  author={Banerjee, Abhijit and Kumar, Selvan and Pande, Rohini and Su, Felix},
  journal={Unpublished manuscript},
  year={2011}
}

@article{bansak2018number,
  title={The number of choice tasks and survey satisficing in conjoint experiments},
  author={Bansak, Kirk and Hainmueller, Jens and Hopkins, Daniel J and Yamamoto, Teppei},
  journal={Political Analysis},
  volume={26},
  number={1},
  pages={112--119},
  year={2018},
  publisher={Cambridge University Press}
}

@article{breitenstein2019choosing,
  title={Choosing the crook: A conjoint experiment on voting for corrupt politicians},
  author={Breitenstein, Sofia},
  journal={Research \& Politics},
  volume={6},
  number={1},
  pages={2053168019832230},
  year={2019},
  publisher={SAGE Publications Sage UK: London, England}
}

@article{boas2018norms,
  title={Norms versus Action: Why Voters Fail to Sanction Malfeasance in Brazil},
  author={Boas, Taylor C and Hidalgo, F Daniel and Melo, Marcus Andr{\'e}},
  journal={American Journal of Political Science},
  year={2018},
  publisher={Wiley Online Library}
}

@article{botero2015says,
  title={Says who? An experiment on allegations of corruption and credibility of sources},
  author={Botero, Sandra and Cornejo, Rodrigo Castro and Gamboa, Laura and Pavao, Nara and Nickerson, David W},
  journal={Political Research Quarterly},
  volume={68},
  number={3},
  pages={493--504},
  year={2015},
  publisher={SAGE Publications Sage CA: Los Angeles, CA}
}

@article{brown2011political,
  title={Political polarization as a constraint on corruption: A cross-national comparison},
  author={Brown, David S and Touchton, Michael and Whitford, Andrew},
  journal={World Development},
  volume={39},
  number={9},
  pages={1516--1529},
  year={2011},
  publisher={Elsevier}
}

@article{buntaine2018sms,
  title={SMS texts on corruption help Ugandan voters hold elected councillors accountable at the polls},
  author={Buntaine, Mark T and Jablonski, Ryan and Nielson, Daniel L and Pickering, Paula M},
  journal={Proceedings of the National Academy of Sciences},
  volume={115},
  number={26},
  pages={6668--6673},
  year={2018},
  publisher={National Acad Sciences}
}

@article{burke_2011, 
   title={Corruption in India: 'All your life you pay for things that should be free'}, 
    url={https://www.theguardian.com/world/2011/aug/19/corruption-india-anna-hazare}, 
    journal={The Guardian}, 
    author={Burke, Jason}, 
    year={2011}, 
    month={Aug}
}

@article{chauchard2017limited,
  title={The limited impact of information on political accountability: An experiment on financial disclosures in India},
  author={Chauchard, Simon and Klasnja, M and Harish, SP},
  journal={Unpublished manuscript). Dartmouth College, Hanover, NH},
  year={2017}
}

@article{chong2014does,
  title={Does corruption information inspire the fight or quash the hope? A field experiment in Mexico on voter turnout, choice, and party identification},
  author={Chong, Alberto and De La O, Ana L and Karlan, Dean and Wantchekon, Leonard},
  journal={The Journal of Politics},
  volume={77},
  number={1},
  pages={55--71},
  year={2014},
  publisher={University of Chicago Press Chicago, IL}
}

@article{coppock2018generalizing,
  title={Generalizing from survey experiments conducted on mechanical Turk: A replication approach},
  author={Coppock, Alexander},
  journal={Political Science Research and Methods},
  pages={1--16},
  year={2018},
  publisher={Cambridge University Press}
}

@article{coppock2017validating,
  title={Validating the demographic, political, psychological, and experimental results obtained from a new source of online survey respondents},
  author={Coppock, Alexander and McClellan, Oliver A},
  journal={Unpublished Manuscript},
  year={2017}
}

@article{coppock2015assessing,
  title={Assessing the correspondence between experimental results obtained in the lab and field: A review of recent social science research},
  author={Coppock, Alexander and Green, Donald P},
  journal={Political Science Research and Methods},
  volume={3},
  number={1},
  pages={113--131},
  year={2015},
  publisher={Cambridge University Press}
}

@article{camerer2011promise,
  title={The promise and success of lab-field generalizability in experimental economics: A critical reply to Levitt and List},
  author={Camerer, Colin},
  journal={Available at SSRN 1977749},
  year={2011}
}

@article{cameron2009propensities,
  title={Propensities to engage in and punish corrupt behavior: Experimental evidence from Australia, India, Indonesia and Singapore},
  author={Cameron, Lisa and Chaudhuri, Ananish and Erkal, Nisvan and Gangadharan, Lata},
  journal={Journal of Public Economics},
  volume={93},
  number={7-8},
  pages={843--851},
  year={2009},
  publisher={Elsevier}
}

@book{chandra2007ethnic,
  title={Why ethnic parties succeed: Patronage and ethnic head counts in India},
  author={Chandra, Kanchan},
  year={2007},
  publisher={Cambridge University Press}
}

@article{chauchard2016unpacking,
  title={Unpacking ethnic preferences: theory and micro-level evidence from North India},
  author={Chauchard, Simon},
  journal={Comparative Political Studies},
  volume={49},
  number={2},
  pages={253--284},
  year={2016},
  publisher={SAGE Publications Sage CA: Los Angeles, CA}
}

@article{chandra2005ethnic,
  title={Ethnic parties and democratic stability},
  author={Chandra, Kanchan},
  journal={Perspectives on Politics},
  volume={3},
  number={2},
  pages={235--252},
  year={2005},
  publisher={Cambridge University Press}
}

@article{de2011voters,
  title={When do voters punish corrupt politicians? Experimental evidence from Brazil},
  author={De Figueiredo, Miguel FP and Hidalgo, F Daniel and Kasahara, Yuri},
  journal={Unpublished manuscript, UC Berkeley},
  year={2011}
}

@article{de2017electoral,
  title={The electoral consequences of corruption},
  author={De Vries, Catherine E and Solaz, Hector},
  journal={Annual Review of Political Science},
  volume={20},
  pages={391--408},
  year={2017},
  publisher={Annual Reviews}
}

@article{eggers2018corruption,
  title={Corruption, accountability, and gender: do female politicians face higher standards in public life?},
  author={Eggers, Andrew C and Vivyan, Nick and Wagner, Markus},
  journal={The Journal of Politics},
  volume={80},
  number={1},
  pages={321--326},
  year={2018},
  publisher={University of Chicago Press Chicago, IL}
}

@article{ferraz2008exposing,
  title={Exposing corrupt politicians: the effects of Brazil's publicly released audits on electoral outcomes},
  author={Ferraz, Claudio and Finan, Frederico},
  journal={The Quarterly Journal of Economics},
  volume={123},
  number={2},
  pages={703--745},
  year={2008},
  publisher={MIT Press}
}

@article{franchino2015voting,
  title={Voting in a multi-dimensional space: a conjoint analysis employing valence and ideology attributes of candidates},
  author={Franchino, Fabio and Zucchini, Francesco},
  journal={Political Science Research and Methods},
  volume={3},
  number={2},
  pages={221--241},
  year={2015},
  publisher={Cambridge University Press}
}

@book{gerber2012field,
  title={Field experiments: Design, analysis, and interpretation},
  author={Gerber, Alan S and Green, Donald P},
  year={2012},
  publisher={WW Norton}
}

@article{gray1998corruption,
  title={Corruption and development},
  author={Gray, Cheryl W and Kaufman, Daniel},
  year={1998},
  publisher={World Bank, Washington, DC}
}

@article{green2018publicizing,
  title={Publicizing Scandal: Results from Five Field Experiments},
  author={Green, Donald P and Zelizer, Adam and Kirby, David and others},
  journal={Quarterly Journal of Political Science},
  volume={13},
  number={3},
  pages={237--261},
  year={2018},
  publisher={Now Publishers, Inc.}
}

@article{green2012modeling,
  title={Modeling heterogeneous treatment effects in survey experiments with {B}ayesian additive regression trees},
  author={Green, Donald P and Kern, Holger L},
  journal={Public Opinion Quarterly},
  volume={76},
  number={3},
  pages={491--511},
  year={2012},
  publisher={Oxford University Press UK}
}

@book{hacker2006off,
  title={Off center: The Republican revolution and the erosion of American democracy},
  author={Hacker, Jacob S and Pierson, Paul},
  year={2006},
  publisher={Yale University Press}
}

@article{hainmueller2014causal,
  title={Causal inference in conjoint analysis: Understanding multidimensional choices via stated preference experiments},
  author={Hainmueller, Jens and Hopkins, Daniel J and Yamamoto, Teppei},
  journal={Political Analysis},
  volume={22},
  number={1},
  pages={1--30},
  year={2014},
  publisher={Cambridge University Press}
}

@article{humphreys2012policing,
  title={Policing politicians: citizen empowerment and political accountability in Uganda preliminary analysis},
  author={Humphreys, Macartan and Weinstein, Jeremy},
  journal={Columbia Universities. Unpublished manuscript},
  year={2012}
}

@article{it_2014, 
   title={Live: Jayalalithaa jailed for 4 years in disproportionate assets case, fined Rs 100 crore}, 
    url={https://www.livemint.com/Politics/ldMrXNTT6PmEq7b4vjCmRK/Jayalalithaa-DA-case-Karnataka-HC-to-deliver-verdict-on-app.html}, 
    journal={India Today}, 
    author={{India Today}}, 
    year={2014}, 
    month={Sep}
}

@article{iyengar2012affect,
  title={Affect, not ideologya social identity perspective on polarization},
  author={Iyengar, Shanto and Sood, Gaurav and Lelkes, Yphtach},
  journal={Public opinion quarterly},
  volume={76},
  number={3},
  pages={405--431},
  year={2012},
  publisher={Oxford University Press}
}

@article{iyengar2018origins,
  title={The origins and consequences of affective polarization in the United States},
  author={Iyengar, Shanto and Lelkes, Yphtach and Levendusky, Matthew and Malhotra, Neil and Westwood, Sean J},
  journal={Annual Review of Political Science},
  year={2018},
  publisher={Annual Reviews}
}

@article{gonzalez2012vote,
  title={Vote buying and social desirability bias: Experimental evidence from Nicaragua},
  author={Gonzalez-Ocantos, Ezequiel and De Jonge, Chad Kiewiet and Mel{\'e}ndez, Carlos and Osorio, Javier and Nickerson, David W},
  journal={American Journal of Political Science},
  volume={56},
  number={1},
  pages={202--217},
  year={2012},
  publisher={Wiley Online Library}
}

@article{grahamdemocracy,
  title={Democracy in America? Partisanship, Polarization, and the Robustness of Support for Democracy in the United States},
  author={Graham, Matthew and Svolik, Milan W},
  year = {Forthcoming}
}

@article{klavsnja2013economy,
  title={The economy, corruption, and the vote: Evidence from experiments in Sweden and Moldova},
  author={Kla{\v{s}}nja, Marko and Tucker, Joshua A},
  journal={Electoral Studies},
  volume={32},
  number={3},
  pages={536--543},
  year={2013},
  publisher={Elsevier}
}

@article{klavsnja2017voters,
  title={When Do Voters Sanction Corrupt Politicians?},
  author={Kla{\v{s}}nja, Marko and Lupu, Noam and Tucker, Joshua A},
  year={2017},
  article={Working paper}
}

@article{kolstad2009transparency,
  title={Is transparency the key to reducing corruption in resource-rich countries?},
  author={Kolstad, Ivar and Wiig, Arne},
  journal={World development},
  volume={37},
  number={3},
  pages={521--532},
  year={2009},
  publisher={Elsevier}
}

@article{konstantinidis2013sources,
  title={Sources of tolerance towards corrupted politicians in Greece: The role of trade offs and individual benefits},
  author={Konstantinidis, Iannis and Xezonakis, Georgios},
  journal={Crime, Law and Social Change},
  volume={60},
  number={5},
  pages={549--563},
  year={2013},
  publisher={Springer}
}

@article{leeper2019measuring,
  title={Measuring Subgroup Preferences in Conjoint Experiments},
  author={Leeper, Thomas J and Hobolt, Sara B and Tilley, James},
  year={2019}
}

@article{mares2019voting,
  title={Voting for the lesser evil: Evidence from a conjoint experiment in Romania},
  author={Mares, Isabela and Visconti, Giancarlo},
  journal={Political Science Research and Methods},
  year={2019}
}

@book{mccarty2016polarized,
  title={Polarized America: The dance of ideology and unequal riches},
  author={McCarty, Nolan and Poole, Keith T and Rosenthal, Howard},
  year={2016},
  publisher={mit Press}
}

@inproceedings{munoz2012voters,
  title={Why do voters forgive corrupt politicians? Cynicism, noise and implicit exchange},
  author={Mu{\~n}oz, Jordi and Anduiza, Eva and Gallego, Aina},
  booktitle={International Political Science Association Conference. Madrid, Spain},
  year={2012}
}

@article{nissan2013connecting,
  title={Connecting corruption to ethnic polarization and religious fractionalization},
  author={Nissan, Edward and Naghshpour, Shahdad},
  journal={Journal of Economic Studies},
  volume={40},
  number={6},
  pages={763--774},
  year={2013},
  publisher={Emerald Group Publishing Limited}
}

@book{levendusky2009partisan,
  title={The partisan sort: How liberals became Democrats and conservatives became Republicans},
  author={Levendusky, Matthew},
  year={2009},
  publisher={University of Chicago Press}
}

@online{pcd2014,
  title={National Election Study 2014 Pre-Poll Survey Findings (21 States)},
  year={2014},
  author={{Programme for Comparative Democracy}}
  url={http://www.lokniti.org/pdf/all-india-findings.pdf}
}

@article{iyengar2018origins,
  title={The origins and consequences of affective polarization in the United States},
  author={Iyengar, Shanto and Lelkes, Yphtach and Levendusky, Matthew and Malhotra, Neil and Westwood, Sean J},
  journal={Annual Review of Political Science},
  year={2018},
  publisher={Annual Reviews}
}

@book{lee2009beyond,
  title={Beyond ideology: Politics, principles, and partisanship in the US Senate},
  author={Lee, Frances E},
  year={2009},
  publisher={University of Chicago Press}
}

@article{leeper2018measuring,
  title={Measuring Subgroup Preferences in Conjoint Experiments},
  author={Leeper, Thomas J and Hobolt, Sara B and Tilley, James},
  year={2018}
}

@online{lokniti2014,
  title={National Election Study Post-poll 2014 Findings},
  year={2014},
  author={[CSDS]{Lokniti Centre for the Study of Developing Societies}}
  url={http://www.lokniti.org/media/PDF-upload/1536130357_23397100_download_report.pdf}
}

@article{peters1980effects,
  title={The effects of charges of corruption on voting behavior in congressional elections},
  author={Peters, John G and Welch, Susan},
  journal={American Political Science Review},
  volume={74},
  number={3},
  pages={697--708},
  year={1980},
  publisher={Cambridge University Press}
}

@article{mares2019voting,
  title={Voting for the lesser evil: Evidence from a conjoint experiment in Romania},
  author={Mares, Isabela and Visconti, Giancarlo},
  journal={Political Science Research and Methods},
  year={2019}
}

@article{melki2016polarization,
  title={Polarization and Corruption in America},
  author={Melki, Mickael and Pickering, Andrew and others},
  journal={Discussion Papers in Economics},
  number={16/09},
  year={2016}
}

@article{mccann1998mexicans,
  title={Mexicans react to electoral fraud and political corruption: an assessment of public opinion and voting behavior},
  author={McCann, James A and Dom{\i}nguez, Jorge I},
  journal={Electoral studies},
  volume={17},
  number={4},
  pages={483--503},
  year={1998},
  publisher={Elsevier}
}

@book{rose2016corruption,
  title={Corruption and government: Causes, consequences, and reform},
  author={Rose-Ackerman, Susan and Palifka, Bonnie J},
  year={2016},
  publisher={Cambridge university press}
}

@article{rundquist1977corrupt,
  title={Corrupt politicians and their electoral support: some experimental observations},
  author={Rundquist, Barry S and Strom, Gerald S and Peters, John G},
  journal={American Political Science Review},
  volume={71},
  number={3},
  pages={954--963},
  year={1977},
  publisher={Cambridge University Press}
}

@article{simonsohn2014p1,
  title={P-curve: a key to the file-drawer.},
  author={Simonsohn, Uri and Nelson, Leif D and Simmons, Joseph P},
  journal={Journal of Experimental Psychology: General},
  volume={143},
  number={2},
  pages={534},
  year={2014},
  publisher={American Psychological Association}
}

@article{simonsohn2014p2,
  title={p-curve and effect size: Correcting for publication bias using only significant results},
  author={Simonsohn, Uri and Nelson, Leif D and Simmons, Joseph P},
  journal={Perspectives on Psychological Science},
  volume={9},
  number={6},
  pages={666--681},
  year={2014},
  publisher={Sage Publications Sage CA: Los Angeles, CA}
}

@article{simonsohn2015better,
  title={Better P-curves: Making P-curve analysis more robust to errors, fraud, and ambitious P-hacking, a Reply to Ulrich and Miller (2015).},
  author={Simonsohn, Uri and Simmons, Joseph P and Nelson, Leif D},
  year={2015},
  publisher={American Psychological Association}
}

@article{solaz2018group,
  title={In-Group Loyalty and the Punishment of Corruption},
  author={Solaz, Hector and De Vries, Catherine E and de Geus, Roosmarijn A},
  journal={Comparative Political Studies},
  pages={0010414018797951},
  year={2018},
  publisher={SAGE Publications Sage CA: Los Angeles, CA}
}

@article{soutik_2017, 
   title={Why do Indians vote for 'criminal' politicians?}, 
    url={https://www.bbc.com/news/world-asia-india-38607255}, 
    journal={BBC}, 
    author={Biswas, Soutik}, 
    year={2017}, 
    month={Jan}
}

@article{teele2018ties,
  title={The Ties That Double Bind: Social Roles and Women's Underrepresentation in Politics},
  author={Teele, Dawn Langan and Kalla, Joshua and Rosenbluth, Frances},
  journal={American Political Science Review},
  volume={112},
  number={3},
  pages={525--541},
  year={2018},
  publisher={Cambridge University Press}
}

@book{thachil2014elite,
  title={Elite parties, poor voters: How social services win votes in India},
  author={Thachil, Tariq},
  year={2014},
  publisher={Cambridge University Press}
}

@article{treisman2000causes,
  title={The causes of corruption: a cross-national study},
  author={Treisman, Daniel},
  journal={Journal of public economics},
  volume={76},
  number={3},
  pages={399--457},
  year={2000},
  publisher={Elsevier}
}

@article{varma_2015, 
   title={Jayalalithaa acquitted in DA case, set to return as Tamil Nadu CM}, 
    url={https://www.livemint.com/Politics/ldMrXNTT6PmEq7b4vjCmRK/Jayalalithaa-DA-case-Karnataka-HC-to-deliver-verdict-on-app.html}, 
    journal={LiveMint}, 
    author={Varma, Gyan and Sen, Shreeja, and Zachariah, Preeti}, 
    year={2015}, 
    month={May}
}

@book{vaishnav2017crime,
  title={When crime pays: Money and muscle in Indian politics},
  author={Vaishnav, Milan},
  year={2017},
  publisher={Yale University Press}
}

@article{weschle2016punishing,
  title={Punishing personal and electoral corruption: Experimental evidence from India},
  author={Weschle, Simon},
  journal={Research \& Politics},
  volume={3},
  number={2},
  pages={2053168016645136},
  year={2016},
  publisher={SAGE Publications Sage UK: London, England}
}

@article{wilkinson2007explaining,
  title={Explaining changing patterns of party-voter linkages in India},
  author={Wilkinson, Steven I},
  journal={Patrons, clients, and policies: Patterns of democratic accountability and political competition},
  pages={110--140},
  year={2007},
  publisher={Cambridge University Press New York}
}

@article{winters2013lacking,
  title={Lacking information or condoning corruption: When do voters support corrupt politicians?},
  author={Winters, Matthew S and Weitz-Shapiro, Rebecca},
  journal={Comparative Politics},
  volume={45},
  number={4},
  pages={418--436},
  year={2013},
  publisher={City University of New York}
}

@article{winters2015political,
  title={Political corruption and partisan engagement: evidence from Brazil},
  author={Winters, Matthew S and Weitz-Shapiro, Rebecca},
  journal={Journal of Politics in Latin America},
  volume={7},
  number={1},
  pages={45--81},
  year={2015},
  publisher={SAGE Publications Sage UK: London, England}
}

@article{winters2016s,
  title={Who?s in charge here? Direct and indirect accusations and voter punishment of corruption},
  author={Winters, Matthew S and Weitz-Shapiro, Rebecca},
  journal={Political Research Quarterly},
  volume={69},
  number={2},
  pages={207--219},
  year={2016},
  publisher={SAGE Publications Sage CA: Los Angeles, CA}
}

@article{winters2018information,
  title={Information credibility and responses to corruption: a replication and extension in Argentina},
  author={Winters, Matthew S and Weitz-Shapiro, Rebecca},
  journal={Political Science Research and Methods},
  pages={1--9},
  year={2018},
  publisher={Cambridge University Press}
}

@article{weitz2017can,
  title={Can citizens discern? Information credibility, political sophistication, and the punishment of corruption in Brazil},
  author={Weitz-Shapiro, Rebecca and Winters, Matthew S},
  journal={The Journal of Politics},
  volume={79},
  number={1},
  pages={60--74},
  year={2017},
  publisher={University of Chicago Press Chicago, IL}
}

@article{vera2017heterogeneous,
  title={The Heterogeneous Effects of Corruption: Experimental Evidence from Peru},
  author={Vera Rojas, Sof{\'\i}a Beatriz},
  journal={Manuscript, University of Pittsburgh},
  year={2017}
}

